<?xml version="1.0" encoding="UTF-8"?><collection xmlns="http://www.loc.gov/MARC21/slim"><record><leader>00434nam--2200157-i-4500</leader><controlfield tag="001">000011101</controlfield><controlfield tag="002">20161230</controlfield><controlfield tag="005">20170224001557</controlfield><controlfield tag="008">060222s1000------------r-----000-0-eng-d</controlfield><datafield ind1=" " ind2=" " tag="100"><subfield code="a">Cany, Y</subfield></datafield><datafield ind1=" " ind2=" " tag="245"><subfield code="a">Gaschromatographische spurenanalyse im he aus gasgekuhlten reaktoren</subfield></datafield><datafield ind1=" " ind2=" " tag="260"><subfield code="a">Julich</subfield><subfield code="b">Kernforschungsanlage Julich</subfield><subfield code="c">1974</subfield></datafield><datafield ind1=" " ind2=" " tag="300"><subfield code="a">37 p</subfield></datafield><datafield ind1=" " ind2=" " tag="700"><subfield code="a">Hickert, J</subfield></datafield><datafield ind1=" " ind2=" " tag="852"><subfield code="a">543.544.25(016)</subfield></datafield><datafield ind1=" " ind2=" " tag="CAT"><subfield code="a">SYS</subfield><subfield code="c">20170224</subfield><subfield code="h">001557</subfield></datafield></record></collection>